%https://www.doi2bib.org/
@book{Elmasri1994,
	AUTHOR = {Elmasri, Ramez AND Navathe, Sham},
	YEAR = {1994},
	TITLE = {Fundamentals of Database Systems},
	EDITION = {},
	ISBN = {978-0-805-31748-0},
	PUBLISHER = {Benjamin/Cummings Pub.},
	ADDRESS = {Menlo Park},
}